<?xml version="1.0" encoding="UTF-8"?><collection xmlns="http://www.loc.gov/MARC21/slim"><record><leader>00397nam--2200133-i-4500</leader><controlfield tag="001">000049408</controlfield><controlfield tag="002">20161230</controlfield><controlfield tag="005">20161230201047</controlfield><controlfield tag="008">060222s1000------------r-----000-0-eng-d</controlfield><datafield ind1=" " ind2=" " tag="080"><subfield code="a">612(043):615.7(043)</subfield></datafield><datafield ind1=" " ind2=" " tag="100"><subfield code="a">Patris, Catherine Epouse Klalik</subfield></datafield><datafield ind1=" " ind2=" " tag="245"><subfield code="a">Place actuelle et avenir de la contraception orale. these</subfield></datafield><datafield ind1=" " ind2=" " tag="260"><subfield code="a">Paris, Faculte De Medicine Xavier-bichat, 1972, 40p</subfield></datafield><datafield ind1=" " ind2=" " tag="852"><subfield code="a">40720</subfield></datafield></record></collection>